<?xml version="1.0" encoding="UTF-8"?><collection xmlns="http://www.loc.gov/MARC21/slim"><record><leader>00478nam--2200181-u-4500</leader><controlfield tag="001">000056797</controlfield><controlfield tag="002">20190820</controlfield><controlfield tag="005">20190820051557</controlfield><controlfield tag="008">190820s1000------------r-----000-0-eng-d</controlfield><datafield ind1=" " ind2=" " tag="040"><subfield code="a">IFIN-HH</subfield></datafield><datafield ind1=" " ind2=" " tag="041"><subfield code="a">eng</subfield></datafield><datafield ind1="1" ind2=" " tag="100"><subfield code="a">Gielen, Herman</subfield></datafield><datafield ind1="1" ind2="0" tag="245"><subfield code="a">On the Electric and Magnetic Field Generation in Expanding Plasmas</subfield><subfield code="c">Herman Gielen</subfield></datafield><datafield ind1=" " ind2=" " tag="260"><subfield code="a">Eindhoven</subfield></datafield><datafield ind1=" " ind2=" " tag="300"><subfield code="a">186 p</subfield></datafield><datafield ind1=" " ind2=" " tag="500"><subfield code="a">Donatie Gheorghe Dinescu</subfield></datafield><datafield ind1=" " ind2=" " tag="852"><subfield code="a">82761</subfield><subfield code="c">533.9</subfield></datafield><datafield ind1=" " ind2=" " tag="CAT"><subfield code="a">SYS</subfield><subfield code="c">20190820</subfield><subfield code="h">051557</subfield></datafield></record></collection>